@article{schuld2017implementing,
  title={Implementing a distance-based classifier with a quantum interference circuit},
  author={Schuld, M and Fingerhuth, M and Petruccione, F},
  DOI= "10.1209/0295-5075/119/60002",
  url= "https://doi.org/10.1209/0295-5075/119/60002",
  journal={EPL},
  volume={119},
  number={6},
  pages={60002},
  year={2017},
  publisher={EDP Sciences, IOP Publishing and Societ{\`a} Italiana di Fisica}
}

@article{trugenberger2001probabilistic,
  title={Probabilistic quantum memories},
  author={Trugenberger, Carlo A},
  journal={Physical Review Letters},
  volume={87},
  number={6},
  pages={067901},
  year={2001},
  publisher={APS}
}

@book{nielsen2010quantum,
  title={Quantum Computation and Quantum Information},
  author={Nielsen, Michael A and Chuang, Isaac L},
  year={2010},
  publisher={Cambridge University Press}
}

@article{fisher1936use,
  title={The use of multiple measurements in taxonomic problems},
  author={Fisher, Ronald A},
  journal={Annals of eugenics},
  volume={7},
  number={2},
  pages={179--188},
  year={1936},
  publisher={Wiley Online Library}
}

@inproceedings{shor1994,
 author = {Shor, P. W.},
 title = {Algorithms for Quantum Computation: Discrete Logarithms and Factoring},
 booktitle = {Proceedings of the 35th Annual Symposium on Foundations of Computer Science},
 series = {SFCS '94},
 year = {1994},
 isbn = {0-8186-6580-7},
 pages = {124--134},
 numpages = {11},
 url = {http://dx.doi.org/10.1109/SFCS.1994.365700},
 doi = {10.1109/SFCS.1994.365700},
 acmid = {1399018},
 publisher = {IEEE Computer Society},
 address = {Washington, DC, USA},
 keywords = {cryptosystems, quantum computation algorithms, discrete logarithms, factoring, physical computational device, polynomial factor, Las Vegas algorithms, quantum computer},
}

@inproceedings{grover1996,
 author = {Grover, Lov K.},
 title = {A Fast Quantum Mechanical Algorithm for Database Search},
 booktitle = {Proceedings of the Twenty-eighth Annual ACM Symposium on Theory of Computing},
 series = {STOC '96},
 year = {1996},
 isbn = {0-89791-785-5},
 location = {Philadelphia, Pennsylvania, USA},
 pages = {212--219},
 numpages = {8},
 url = {http://doi.acm.org/10.1145/237814.237866},
 doi = {10.1145/237814.237866},
 acmid = {237866},
 publisher = {ACM},
 address = {New York, NY, USA},
}

@misc{ibmq,
  author = {IBM Q Experience},
  howpublished = {https://www.ibm.com/quantum-computing/technology/experience/},
  note = {Last accessed: 2019-11-14.}
}

@misc{qiskit,
  author = {Qiskit},
  howpublished = {https://qiskit.org/},
  note = {Last accessed: 2019-11-14.}
}

@article{Preskill2018quantumcomputingin,
  doi = {10.22331/q-2018-08-06-79},
  url = {https://doi.org/10.22331/q-2018-08-06-79},
  title = {Quantum {C}omputing in the {NISQ} era and beyond},
  author = {Preskill, John},
  journal = {{Quantum}},
  issn = {2521-327X},
  publisher = {{Verein zur F{\"{o}}rderung des Open Access Publizierens in den Quantenwissenschaften}},
  volume = {2},
  pages = {79},
  month = aug,
  year = {2018}
}

@article{scikit-learn,
 title={Scikit-learn: Machine Learning in {P}ython},
 author={Pedregosa, F. and Varoquaux, G. and Gramfort, A. and Michel, V.
         and Thirion, B. and Grisel, O. and Blondel, M. and Prettenhofer, P.
         and Weiss, R. and Dubourg, V. and Vanderplas, J. and Passos, A. and
         Cournapeau, D. and Brucher, M. and Perrot, M. and Duchesnay, E.},
 journal={Journal of Machine Learning Research},
 volume={12},
 pages={2825--2830},
 year={2011}
}

@article{rebentrost2014quantum,
  title={Quantum support vector machine for big data classification},
  author={Rebentrost, Patrick and Mohseni, Masoud and Lloyd, Seth},
  journal={Physical review letters},
  volume={113},
  number={13},
  pages={130503},
  year={2014},
  publisher={APS}
}

@inproceedings{kapoor2016quantum,
  title={Quantum perceptron models},
  author={Kapoor, Ashish and Wiebe, Nathan and Svore, Krysta},
  booktitle={Advances in Neural Information Processing Systems},
  pages={3999--4007},
  year={2016}
}

@article{schuld2016prediction,
  title={Prediction by linear regression on a quantum computer},
  author={Schuld, Maria and Sinayskiy, Ilya and Petruccione, Francesco},
  journal={Physical Review A},
  volume={94},
  number={2},
  pages={022342},
  year={2016},
  publisher={APS}
}